@online{h5pyDocs,
    author = {Andrew Collette},
    title = {h5py Documentation},
    year = {2024},
    url = {https://docs.h5py.org/en/stable/},
    note = {Zpřístupněno: 15.12.2024}
}

@online{matplotlibDocs,
    author = {The Matplotlib Development Team},
    title = {Matplotlib Documentation},
    year = {2024},
    url = {https://matplotlib.org/stable/contents.html},
    note = {Zpřístupněno: 12.12.2024}
}

@online{numpyDocs,
    author = {The NumPy Developers},
    title = {NumPy Documentation},
    year = {2024},
    url = {https://numpy.org/doc/stable/},
    note = {Zpřístupněno: 12.12.2024}
}

@online{opencvDocs,
    author = {OpenCV Developers},
    title = {OpenCV Documentation},
    year = {2024},
    url = {https://docs.opencv.org/master/},
    note = {Zpřístupněno: 13.12.2024}
}

@online{silxDocs,
    author = {Data Analysis Unit},
    title = {Silx Documentation},
    year = {2024},
    url = {https://www.silx.org/doc/silx/latest/},
    note = {Zpřístupněno: 5.1.2025}
}

@online{PlayerOneSDK,
    author = {Player One},
    title = {Player One SDK Documentation},
    year = {2024},
    url = {https://player-one-astronomy.com/service/software/},
    note = {Zpřístupněno: 2.1.2025}
}

@online{RHEED,
    author = {MFF},
    title = {RHEED},
    year = {2024},
    url = {https://physics.mff.cuni.cz/kfpp/s4r/povrch/rheed.html},
    note = {Zpřístupněno: 20.11.2024}
}

@online{WhatIsHDF5,
    author = {NEON Science},
    title = {Hierarchical Data Formats - What is HDF5?},
    year = {2024},
    url = {https://www.neonscience.org/resources/learning-hub/tutorials/about-hdf5},
    note = {Zpřístupněno: 2.1.2025}
}
